@online{ppt,
  language    = {chinese},
  author      = {电子电路课程设计教学组},
  title       = {电子电路课程设计},
  school      = {清华大学},
  institution = {电子工程系},
  year        = {2020},
  date        = {2020-09-01},
  urldate     = {2020-09-13},
  url         = {https://learn.tsinghua.edu.cn}
}

@manual{userguide,
  title   = {Vivado Design Suite User Guide: Synthesis},
  author  = {Xilinx},
  edition = {2017.1},
  mark    = {K},
  date    = {2017-04-05},
  urldate = {2020-09-13},
  pages   = {68-73},
  url     = {https://www.xilinx.com/support/documentation/sw_manuals/xilinx2017_1/ug901-vivado-synthesis.pdf}
}

@manual{ego1userguide,
  title   = {EGO1 用户手册},
  author  = {依元素科技有限公司},
  edition = {2.1},
  mark    = {K},
  date    = {2018-04},
  urldate = {2020-09-13},
  url     = {https://learn.tsinghua.edu.cn}
}
